2942 5067
632 494 773 555 00,
1250 461 2137 533 COMMENrAmvs

638 645 931 728 mittere]
1014 643 1189 731 ῌεεο
1228 642 1334 701 ille
1364 630 1600 720 optima
1627 658 1770 700 eum
1813 641 2058 698 ratione
2092 659 2208 699 nee
2247 642 2381 701 sine
2414 641 2739 722 elegantia)

638 754 797 829 Sed,
858 747 1025 833 quod
1059 747 1190 806 eius
1227 742 1420 801 aciem
1465 740 1680 821 effugit
1732 751 1798 801 et
1840 744 2264 805 necessarium
2315 754 2409 803 est
2454 744 2529 804 ad
2577 767 2733 825 per-

637 858 978 921 fectionem
1010 844 1389 912 sententiae,
1447 840 1511 902 h.
1557 842 1597 901 l.
1627 840 1990 920 legendum:
2064 857 2153 903 ut
2193 865 2237 904 a
2280 846 2525 925 trepido
2559 847 2746 924 Thy-

638 960 789 1020 mele
813 956 1121 1015 submissa
1135 948 1388 1007 Latino.
1430 942 1610 1003 Dicit
1643 942 1984 1004 delatorem
2015 955 2332 1025 potentem
2361 968 2431 1006 ac
2461 966 2731 1021 saevum,

515 1044 527 1051 ’
636 1063 747 1145 qui
775 1059 849 1118 ab
882 1054 1017 1114 aliis
1049 1046 1427 1108 delatoribus
1460 1046 1752 1120 timetur,
1795 1065 2102 1128 quemque
2135 1053 2338 1129 ipsum
2367 1049 2734 1107 muneribus

632 1163 844 1246 palpat
879 1131 1374 1232 alius,peraei1ue
1403 1144 1730 1207 humiliter
1759 1156 1823 1206 et
1844 1149 2101 1223 abiecte,
2131 1170 2311 1229 quam
2342 1149 2494 1209 facit
2521 1150 2587 1207 in
2605 1150 2736 1207 mi-

632 1284 740 1326 mo
774 1256 1094 1320 notissimo
1125 1251 1435 1325 adultera,
1479 1250 1661 1308 missa
1696 1248 1771 1307 ab
1806 1248 2104 1325 adultere,
2137 1251 2400 1310 fortasse
2433 1250 2509 1309 ad
2533 1249 2730 1309 mari-

631 1375 772 1425 tum
811 1358 1180 1436 zelotypum.
1234 1353 1422 1412 Hunc
1448 1353 1652 1431 ipsum
1683 1371 1835 1410 vero
1869 1352 2179 1431 appellare
2212 1362 2277 1412 et
2325 1352 2478 1413 adeo
2523 1371 2728 1411 enun-

632 1466 810 1537 tiare,
837 1458 912 1519 ad
941 1458 1125 1538 quein
1154 1453 1616 1535 submitteretur
1642 1446 1880 1529 Mimas
1897 1473 2026 1513 non
2059 1474 2213 1533 opus
2250 1460 2385 1515 e‘rat
2416 1434 2582 1535 apud
2614 1473 2731 1512 au-
2783 1464 2810 1470 “

565 1600 573 1609 ·
631 1565 868 1627 ditores
901 1560 1005 1619 vel
1031 1559 1331 1632 lectores,
1371 1554 1596 1634 quibus
1630 1553 1745 1613 vix
1781 1555 1977 1614 verbo
2009 1556 2513 1616 commonefactis
2553 1555 2619 1614 in
2653 1575 2732 1614 re

630 1665 869 1729 nemini
923 1682 1048 1722 non
1106 1658 1288 1718 obvia
1339 1666 1404 1716 et
1438 1664 1762 1735 praesente
1793 1655 1954 1715 nihil
1987 1658 2153 1716 ultra
2197 1655 2532 1721 dicendum
2569 1666 2728 1717 erat.

630 1769 1017 1844 zelotypum
1054 1778 1334 1840 suppono
1374 1757 1667 1817 maritum
1713 1776 1796 1816 ex
1856 1777 1928 1817 re
1974 1758 2229 1838 ipsoque
2280 1761 2471 1818 mimo
2523 1768 2588 1817 et
2640 1779 2732 1820 ex

628 1869 821 1939 variis
862 1865 1200 1924 Satirarum
1244 1859 1416 1919 locis.
1514 1858 1764 1917 Scilicet
1814 1858 2071 1919 lascivia
2116 1863 2472 1935 mimorum,
2549 1861 2734 1940 quasi

624 1970 908 2050 legitimo
940 1984 1114 2025 more
1129 2006 1148 2037 ,
1201 1961 1268 2020 in
1304 1957 1724 2039 exprimendis
1764 1958 2185 2022 adulterorum
2216 1961 2458 2040 flagitiis
2506 1981 2734 2022 versa—

626 2073 817 2133 batur
856 2063 1161 2144 inprimis.
1256 2059 1556 2119 Prodibat
1600 2061 1674 2119 ab
1736 2061 1927 2121 altera
1970 2073 2152 2144 parte
2213 2064 2418 2123 cultus
2478 2063 2731 2124 adulter

627 2193 775 2232 cum
803 2165 1044 2228 callida
1076 2175 1313 2241 napta,
1369 2162 1443 2220 ab
1483 2161 1672 2222 altera
1705 2166 1931 2223 stultus
1957 2168 2084 2241 νίν,
2161 2166 2269 2249 qni
2314 2164 2588 2225 ludibrio
2622 2186 2728 2224 es-

620 2283 724 2335 set
756 2268 1073 2331 adulterae
1104 2265 1288 2324 uxori
1342 2272 1405 2322 et
1451 2263 1666 2343 quavis
1720 2266 1852 2324 eius
1901 2267 2125 2326 astutia
2157 2265 2448 2346 deceptus
2489 2265 2721 2347 populo
2785 2270 2804 2287 ‘

624 2371 961 2436 cachinnos
998 2374 1295 2427 moveret.
1344 2384 1403 2425 v.
1459 2363 1576 2423 loc.
1617 2366 1785 2425 class.
1823 2367 2009 2427 Oxy-id:
2059 2369 2254 2428 Trist.
2286 2367 2369 2442 ΙΙ,
2424 2369 2542 2447 497
2590 2387 2715 2448 seq.

622 2476 962 2536 Personam
996 2465 1243 2528 moechiv
1280 2466 1540 2526 Latinus
1587 2468 1882 2527 sustinuit
1918 2460 2297 2549 imperatore
2335 2468 2719 2529 Domitiano.

621 2595 687 2640 v.
723 2577 890 2633 Suet.
922 2573 1107 2631 Dom.
1136 2590 1187 2628 c.
1233 2568 1326 2627 15.
1364 2576 1431 2625 et
1466 2566 1736 2627 Martial.
1781 2568 1831 2644 1,
1879 2570 1934 2630 5.
2020 2569 2163 2647 Quo
2216 2571 2490 2649 pertinet
2527 2571 2725 2630 altera.

622 2677 859 2739 mentio
908 2674 1136 2734 Latini
1188 2667 1354 2752 apud
1389 2668 1691 2749 Nostrum
1745 2671 1870 2732 Sat.
1945 2672 2058 2749 VI,
2125 2646 2202 2737 41
2252 2704 2338 2720 --·
2384 2672 2485 2731 44.
2547 2670 2729 2751 Quid

604 2781 769 2856 fieri
818 2764 943 2836 non
990 2795 1175 2855 posse
1214 2770 1401 2853 p'zetes
1428 2805 1513 2817 -
1554 2758 1940 2834 moechorum
1972 2776 2334 2863 notisquus
2375 2809 2465 2828 --
2520 2774 2720 2852 Quem

506 2868 523 2876 κ
622 2884 803 2941 toties
843 2880 997 2937 texit
1024 2878 1298 2955 perituri
1326 2876 1487 2934 cista
1516 2876 1792 2935 Latini?
1853 2874 2139 2952 Constat,
2218 2878 2286 2936 in
2323 2875 2428 2958 his
2454 2876 2604 2935 item
2634 2871 2722 2935 ad.

620 2982 882 3040 mimum
914 2974 1122 3036 alludi.
1205 2972 1417 3049 Addo,
1469 2975 1547 3034 ad
1575 2976 1884 3036 mimicam
1922 2976 2177 3037 eandem
2211 2979 2536 3047 actionem,
2579 2985 2724 3047 tum

620 3081 895 3140 maxime
950 3078 1376 3156 conspicuam,
1460 3076 1703 3157 quando
1771 3077 2097 3156 Latinum,
2183 3087 2412 3159 partes
2453 3078 2724 3140 adulteri

619 3189 902 3261 agentem
922 3223 937 3249 ‚
994 3176 1297 3255 Thymele
1347 3178 1486 3236 sub·
1515 3196 1779 3257 persona
1830 3181 2079 3255 uxoris,
2152 3180 2378 3240 marito
2431 3164 2724 3258 zelotypi>

616 3279 1127 3361 superveniente,
1218 3279 1284 3336 in
1344 3299 1483 3339 arca
1526 3278 1834 3339 inclusum
1892 3280 2323 3340 abscondebat.
2437 3280 2526 3339 At
2569 3280 2730 3341 cistoe

617 3382 833 3443 Latini
871 3382 1187 3460 perituri,
1262 3380 1381 3438 etsi
1428 3379 1506 3439 ad
1561 3401 1810 3441 sensum
1854 3390 1997 3461 apte
2048 3382 2352 3464 explicari
2400 3384 2560 3455 scio,
2627 3381 2721 3440 sic

582 3493 826 3541 ..tamen
856 3481 1061 3540 minus
1108 3482 1503 3558 grammatice
1556 3482 1790 3543 dictum
1834 3481 2040 3543 videri
2083 3483 2290 3543 debet.
2372 3481 2545 3560 Lego
2589 3481 2726 3541 ita·-

620 3602 776 3663 que:
839 3582 1037 3659 Quem
1086 3585 1266 3642 toties
1313 3586 1469 3641 texit
1507 3587 1846 3663 periuri
1909 3588 2073 3647 cista
2110 3586 2354 3644 Latini.
2459 3581 2720 3643 Scilicet

618 3691 841 3763 poeta,
916 3703 1033 3762 pro
1096 3704 1171 3741 eo
1225 3703 1429 3753 more,
1518 3705 1639 3765 quo
1703 3685 1933 3744 Satiras
1977 3684 2336 3764 Virgilianis
2385 3682 2597 3743 verbis
2643 3702 2717 3741 ae

618 3782 1027 3858 dictionibus,
1082 3784 1375 3865 parodiae
1424 3786 1617 3844 instar
1650 3788 1944 3860 inversis,
2000 3805 2182 3865 saepe
2234 3782 2489 3843 condire
2539 3783 2737 3858 solet,-

617 3884 1047 3944 Maronianam
1090 3906 1310 3945 versus
1376 3886 1710 3946 clausulam
1772 3889 1928 3946 Aen.
2003 3883 2084 3963 11,
2138 3886 2273 3965 ¹95·
2327 3895 2393 3944 et
2439 3886 2523 3960 V,
2569 3886 2734 3944 811..

618 3988 1024 4066 (periurique
1060 4000 1192 4046 arte
1225 3987 1488 4047 Sinonis
1535 3997 1612 4046 et'
1624 3991 1924 4067 periurae
1959 3991 2208 4046 moenia
2239 3989 2495 4058 Troiae)
2539 4002 2713 4043 suam

603 4086 790 4149 feeit.
872 4086 1059 4146 Conf.
1104 4089 1218 4148 ins.
1269 4089 1346 4149 ad
1392 4109 1451 4150 v.
1501 4088 1650 4167 Ι169.
1713 4089 1843 4149 Iam
1872 4088 2066 4165 igitur
2101 4096 2177 4147 ut
2218 4087 2533 4148 moechum
2552 4102 2720 4159 per-f
2771 4133 2782 4141 .

618 4192 831 4247 iurum
877 4189 1001 4267 egit
1043 4190 1339 4265 LatinuS,
1402 4193 1502 4250 sie
1523 4188 1849 4270 aliquando
1879 4188 2146 4248 Roscius
2187 4185 2717 4268 improbissimum

616 4302 679 4350 et
714 4293 1413 4371 periurissimum
1467 4293 1749 4352 lenonem
1792 4297 2364 4369 repraesentaverat
2413 4286 2481 4344 iu
2528 4303 2717 4346 scena
