2942 5067
678 412 800 503 1'5'4
1264 416 2156 501 COMMENT'Amvs

676 610 853 668 euius
889 609 1174 671 conditor
1217 611 1416 671 fuerit
1459 610 1726 671 Perseus
1744 655 1762 686 ,
1812 592 1925 691 'qni
1955 630 2183 673 nomen
2216 611 2275 670 ei
2306 594 2604 674 indiderit
2639 600 2775 680 driu*

675 709 792 773 τοῦ
825 710 1091 793 cepeoii,
1145 694 1288 794 quia
1315 714 1435 793 ipsi
1481 714 1615 773 sive
1640 714 1870 791 Pegaso
1903 713 1991 771 ibi
2020 733 2144 772 una
2193 732 2275 772 ex
2301 714 2594 774 talaribus
2622 720 2763 797 pin-

676 813 772 870 nis
808 812 1153 889 exciderit,
1210 824 1317 873 aut
1349 814 1618 894 Pegasus
1647 812 2041 907 ibi‘plantam
2066 813 2275 894 pedis,
2331 811 2598 899 ταρσόν,
2638 818 2766 879 sre-

677 913 869 992 gerit,
926 924 1032 974 aut
1081 914 1499 997 Bellerophon
1537 936 1619 975 ex
1662 935 1739 975 eo
1786 914 2067 995 delapsus
2107 916 2224 991 sit,
2288 939 2478 1000 quum
2525 921 2763 981 eoelum

677 1014 1116 1093 adscenderet3
1200 1017 1306 1076 alii
1350 1016 1426 1075 ad
1463 1016 1741 1091 Cretam3
1797 1016 1904 1075 alii
1954 1016 2033 1075 ad
2080 1016 2325 1077 Thebas
2369 1020 2664 1080 Boeotiae
2710 1030 2768 1081 et

677 1115 1088 1209 Heliconem„
1137 1121 1206 1180 in
1239 1139 1361 1199 quo
1391 1119 1655 1195 Pegasus
1689 1100 1919 1177 terrani
1974 1118 2301 1197 scalpendo
2350 1120 2588 1183 sontem
2618 1123 2766 1183 edu-

682 1218 853 1276 xerit
884 1218 1385 1299 Hippocrenem·
1428 1220 1535 1278 alii
1564 1214 1832 1298 denique
1888 1216 1964 1275 ad
1997 1217 2403 1296 Corinthum,
2456 1225 2633 1283 cuius
2664 1246 2768 1284 ur-

681 1319 778 1380 bis
803 1320 1045 1400 insigne
1078 1321 1273 1383 suerit
1307 1322 1571 1401 Pegasus
1603 1328 1667 1378 et
1699 1320 1807 1378 ubi
1842 1321 2114 1399 primum
2156 1321 2577 1404 Bellerophon
2633 1347 2765 1386 eum

680 1420 1102 1502 prehenderit.
1180 1424 1387 1484 Possis
1417 1425 1604 1482 etiam
1631 1420 1708 1481 de
1742 1421 1898 1495 alio,
1959 1421 2170 1480 neseio
2218 1442 2372 1503 quo,
2428 1425 2570 1485 loco
2607 1430 2765 1506 cogi-

593 1534 604 1541 ”
683 1531 847 1599 tare,
903 1512 1021 1584 ubi‘
1046 1548 1262 1604 penna
1293 1525 1533 1585 caballi
1562 1524 1876 1605 Gorgonei
1925 1523 2191 1599 delapsa
2225 1527 2343 1595 sit,
2400 1524 2463 1584 h.
2496 1548 2549 1586 e.
2581 1510 2767 1605 Pega-

683 1643 821 1696 sus,
879 1646 1071 1706 equus
1101 1625 1330 1701 alatus,
1389 1622 1791 1687 devolaverit.
1877 1623 2065 1699 Quod
2099 1625 2364 1705 liqueat,
2423 1648 2551 1688 non
2582 1630 2766 1688 habe·-

683 1744 858 1801 mus,
911 1729 1057 1807 quia
1085 1730 1466 1809 ignoramus,
1509 1748 1664 1811 quae
1696 1725 1943 1804 Egnatii
1969 1726 2166 1785 suerit
2192 1710 2412 1808 patria.
2493 1730 2616 1788 Dio
2650 1729 2768 1789 Ni·-

685 1848 864 1887 caeus
901 1850 1042 1890 eum
1069 1830 1396 1911 Berytium
1428 1829 1594 1887 facit.
1683 1826 1870 1906 Quod
1899 1827 1951 1885 si
1982 1846 2202 1887 'verum
2243 1839 2368 1905 est,
2424 1838 2604 1909 pocta
2632 1831 2765 1888 sor-

682 1936 749 1987 te
783 1929 860 1987 ad
888 1904 1380 2009 mythum'nobis
1413 1931 1695 2007 ignotum
1738 1928 2036 2006 respexit.
2160 1931 2399 1990 caballi
2452 1933 2764 2013 Gorgonei,
2876 1980 2881 1987 .

682 2028 935 2109 Pegasi,
995 2034 1139 2113 equi
1181 2035 1357 2107 alati,
1420 2053 1454 2090 e
1485 2031 1779 2109 sanguine
1810 2028 2104 2089 Medusae
2138 2032 2481 2109 Gorgonis,
2558 2056 2595 2092 e
2639 2030 2766 2091 Ne-

681 2141 883 2213 ptuno
916 2120 1200 2213 gravidae
1221 2144 1260 2209 ,‘
1281 2133 1429 2207 nati,
1473 2153 1663 2212 quum
1693 2132 1954 2190 Perseus
1989 2132 2089 2189 vel
2118 2134 2404 2194 Minerva
2434 2147 2622 2215 caput
2650 2137 2770 2195 eius

683 2235 1025 2295 recidisset.
1112 2234 1401 2314 Mythun‘i
1438 2236 1514 2293 de
1547 2234 1775 2310 Pegaso
1813 2231 1993 2305 docte
2026 2234 2419 2293 illustrarunt
2448 2238 2672 2316 Heyne
2700 2233 2771 2294 ad

685 2334 971 2415 Apollod.
1008 2337 1089 2411 II,
1125 2338 1185 2406 3,
1225 2356 1280 2397 2.
1313 2337 1370 2411 4,
1402 2356 1458 2396 2.
1485 2338 1858 2399 Herrmarm.
1890 2333 2157 2412 Mythol.
2192 2336 2267 2394 T.
2304 2337 2353 2394 Ι.
2384 2345 2447 2396 et
2476 2338 2593 2396 ΙΙΙ.
2628 2343 2771 2418 inpr;

681 2418 875 2496 L'enz.
912 2439 997 2497 im
1032 2438 1111 2497 N.
1147 2439 1221 2497 T.
1250 2439 1507 2498 Mercur
1555 2439 1729 2518 1796.
1774 2438 1849 2497 Τ.
1885 2436 1967 2495 ΙΙ.
1997 2457 2054 2514 p.
2084 2435 2208 2495 263
2244 2459 2366 2518 seq.
2551 2440 2774 2499 Cabab-

683 2538 820 2617 lus,
886 2532 1239 2620 καβάλλης,
1310 2561 1520 2621 propr.
1570 2539 1814 2621 quidem
1862 2541 2209 2598 iumentum
2255 2538 2641 2602 dossuarium
2680 2549 2777 2600 aut

609 2636 614 2643 ¹
679 2641 1090 2725 pistrinense,
1133 2642 1347 2724 (quare
1378 2651 1625 2724 poetam
1658 2641 1959 2700 vocabulo
1996 2637 2405 2700 inhonestiori
2434 2662 2615 2702 usum
2654 2662 2776 2702 esse

682 2745 1075 2823 suspicantur
1107 2746 1423 2819 nonnulli,
1467 2755 1539 2803 ut
1571 2743 1843 2803 fabulam
1880 2740 2226 2816 derideret,
2267 2743 2367 2801 vel
2405 2747 2547 2823 quia
2586 2745 2777 2803 Grae-

683 2866 791 2905 cos
852 2846 1085 2921 oderit,
1171 2846 1536 2904 nominatim
1620 2841 2013 2914 Corinthios)
2074 2841 2181 2901 sed
2240 2842 2463 2902 deinde
2526 2845 2777 2925 quodvis

683 2967 988 3027 equorum
1022 2966 1231 3025 genus.
1285 2944 1384 3004 C‘s.
1419 2948 1502 3024 X,
1557 2945 1655 3006 60.
1699 2945 1868 3004 Pers.
1910 2944 2077 3003 Prol.
2128 2964 2178 3003 1.
2213 2953 2275 3002 et
2318 2944 2549 3005 Auson.
2586 2948 2778 3026 Epist.

680 3047 802 3115 IV,
854 3050 908 3107 8.
1018 3068 1153 3129 119.
1212 3046 1310 3107 Cs.
1340 3069 1400 3107 v.
1449 3066 1550 3108 21.
1602 3066 1697 3107 22.
1751 3054 1831 3094 -ὲ
1904 3064 2037 3106 120.
2081 3042 2350 3104 Nomina
2400 3046 2782 3109 adulatorum

686 3149 1104 3225 Graecorum,
1146 3160 1220 3208 ut
1245 3150 1430 3227 vulgo
1463 3159 1702 3229 putant,
1745 3148 1905 3208 ficta.
1955 3146 2061 3209 Cf.
2092 3144 2241 3205 Var.
2269 3146 2446 3207 Lect.
2620 3154 2785 3209 Pro-

683 3254 952 3329 togenes
988 3260 1192 3310 tamen
1236 3252 1620 3332 temporibus
1668 3238 1980 3331 Caligulae
2039 3249 2499 3310 crudelissimus
2552 3250 2786 3312 delator

678 3351 825 3413 fuit.
912 3372 973 3413 v.
1003 3350 1130 3414 Dio
1159 3353 1334 3413 LIX..
1594 3429 1599 3436 q
1685 3357 1689 3361 “
2276 3341 2280 3345 ’

859 3473 996 3517 121.
1033 3474 1090 3515 2.
1132 3446 1357 3516 Graeci
1384 3456 1618 3516 artibus
1648 3455 1776 3512 suis
1811 3452 1961 3512 alios
1996 3440 2207 3512 ornnes
2270 3474 2306 3512 a
2340 3455 2532 3531 grafia
2571 3454 2789 3513 exclu-
2900 3492 2901 3497 κ

681 3552 841 3615 dunt
873 3567 1299 3637 patronorum,
1343 3568 1404 3616 et
1435 3558 1553 3618 soli
1586 3557 1653 3615 in
1696 3576 1767 3614 ea
1794 3576 1925 3613 esse
1956 3554 2195 3627 volunt,
2234 3564 2307 3613 ut
2344 3555 2465 3613 soli
2504 3555 2789 3615 fructum

678 3659 828 3721 inde
859 3661 1227 3741 percipiant.
1397 3658 1621 3727 habet,
1642 3656 1971 3739 2possidet3
2017 3658 2351 3715 amantium
2387 3658 2677 3725 verbum,
2729 3663 2798 3713 ut

677 3782 773 3841 ap.
807 3763 981 3841 Virg.
1015 3761 1148 3820 Ecl.
1179 3762 1228 3835 I,
1264 3762 1363 3820 31.
1407 3759 1555 3834 (ΙΙΙ,
1598 3762 1765 3837 107.)
1807 3766 1868 3817 et
1910 3755 2030 3843 ἔχω
2075 3760 2320 3833 Λαΐδα,
2386 3751 2502 3823 οὐκ
2546 3756 2805 3842 ἔχομαομ
2900 3816 2901 3819 ,

678 3886 774 3946 ap.
807 3864 1016 3923 Laert.
1045 3858 1205 3943 quae
1239 3863 1432 3921 verba
1458 3861 1653 3921 vertit
1677 3859 1805 3920 Cic.
1847 3859 1922 3919 ad
1942 3860 2091 3918 Div.
2121 3860 2239 3932 IX,
2273 3858 2365 3920 16.
2402 3860 2621 3928 habeo,
2664 3879 2796 3918 non

676 3946 991 4028 habeor-'a
1029 3964 1277 4037 Laicle,·
1342 3964 1572 4045 Grang.
1622 3996 1705 4010 --
1794 3970 1928 4020 122.
1975 3962 2249 4020 stillavit
2302 3968 2371 4019 in
2404 3981 2669 4029 aurem,
2730 3965 2804 4016 ut
2900 3940 2901 3955 ἵ

671 4094 767 4151 ap.
797 4071 1017 4143 Horat.
1063 4064 1270 4143 Epist.
1318 4066 1368 4138 Ι,
1426 4066 1482 4139 8,
1537 4064 1632 4124 16.
1680 4064 1787 4125 vel
1833 4063 2258 4123 insusurravit
2307 4063 2374 4121 in
2403 4080 2601 4121 aures.
2698 4059 2802 4119 Cf.

670 4174 887 4233 Heius.
939 4169 1014 4227 ad
1067 4167 1252 4225 ovid.
1295 4167 1411 4244 Ep.
1463 4164 1616 4224 Her.
1673 4165 1789 4240 111,
1820 4166 1921 4221 23.
2122 4168 2191 4222 in
2237 4184 2452 4223 aurem
2503 4164 2803 4243 facilem,

669 4250 951 4334 amiciet
983 4272 1271 4350 patroni,
1335 4268 1445 4348 qui
1478 4266 1667 4327 facile
1699 4264 1905 4328 credit
1940 4264 2132 4341 mala,
2200 4284 2356 4351 quae
2386 4262 2809 4326 calumniator
