2942 5067
594 431 695 502 ὃ,
1180 364 2099 484 commmunia

576 606 957 690 pressisset,
1014 596 1233 680 quovis
1280 595 1487 654 tirone
1528 593 1718 673 peius·
1755 588 2109 652 balbutiret.
2197 588 2486 651 Iudicent
2533 591 2714 651 nobis

608 706 956 768 acutiores!
1101 718 1201 776 72.
1242 698 1347 755 En
1389 696 1713 764 habitum,
1770 713 1974 752 amara
2002 693 2211 752 irrisio
2228 736 2247 768 ,
2308 702 2382 752 ut
2408 714 2501 774 ap.
2533 694 2713 774 Virg.

607 808 763 868 Aren.
803 805 917 878 IV,
948 804 1089 883 597.
1128 799 1279 874 XII,
1314 798 1438 877 359
1471 816 1598 875 seq.
1650 805 1718 854 et
1765 796 1844 859 al.
1935 793 2238 853 Similiter
2269 792 2434 853 Ecce
2482 799 2713 853 iterum

612 909 945 991 &Lepinus
983 904 1097 963 ins.
1133 903 1245 975 IV,
1281 920 1329 958 1.
1443 900 1752 956 Montani
1780 918 1826 955 s.
1857 899 2115 974 pagani
2144 894 2510 956 dicebantur
2542 898 2717 956 cives

605 1006 905 1081 Romani,
950 1003 1096 1063 ruri
1135 1010 1201 1061 et
1251 1002 1316 1059 in
1356 999 1512 1059 locis
1556 999 1860 1059 montanis
1904 995 2265 1055 habitantes·
2347 1017 2410 1057 v.
2451 998 2716 1058 Ernesti

609 1111 763 1170 clam
802 1104 930 1165 Cic.
966 1126 1027 1163 v.
1071 1103 1355 1162 montani
1403 1108 1469 1158 ot
1501 1101 1775 1180 pagani.
1949 1099 2045 1175 74.
2086 1101 2352 1176 positis,
2398 1097 2717 1179 depositis,

611 1208 880 1283 relictis,
918 1208 1169 1266 aratris.
1212 1235 1298 1251 —
1363 1202 1459 1277 75.
1499 1202 1684 1277 Quid
1713 1220 1841 1257 non
1879 1201 2283 1278 proclames?
2352 1199 2718 1259 Proclames

612 1310 801 1385 sorte,
838 1320 909 1367 ut
935 1306 1223 1380 Tullius,
1259 1303 1314 1363 Ο
1341 1315 1645 1380 tempora,
1689 1319 1728 1358 o
1760 1321 1955 1358 mores
1971 1304 2006 1370 Ι,
2039 1299 2156 1378 (cs.
2189 1300 2376 1359 Mart.
2413 1302 2531 1374 IX,
2573 1304 2716 1378 71.)

611 1413 746 1484 vel,
789 1419 861 1469 ut
906 1410 1154 1469 Plaums
1170 1448 1187 1480 ,
1264 1406 1489 1474 Mare,
1545 1415 1747 1476 terra,
1807 1404 2040 1461 coelum
2055 1444 2077 1474 ,
2139 1404 2266 1464 Dia·
2299 1416 2566 1462 vostram
2604 1405 2716 1478 fi-

614 1514 794 1571 dem!
854 1510 1079 1588 Grang.
1143 1505 1244 1564 ΘΓ.
1292 1504 1377 1563 ad
1412 1523 1474 1563 v.
1528 1504 1627 1563 25.

818 1678 916 1742 77.
967 1648 1281 1725 Creticus,
1342 1657 1445 1715 vir
1506 1655 1771 1729 nobilis,
1855 1654 2041 1713 etiam
2085 1654 2370 1715 Stoicida
2427 1657 2521 1731 (v.
2575 1656 2719 1735 65.)

610 1748 804 1827 fuisse
854 1762 1137 1837 videtur,
1211 1769 1274 1817 et
1320 1767 1456 1815 tum
1511 1777 1657 1815 sane
1708 1756 2024 1835 aptissima
2067 1753 2219 1814 haec
2258 1759 2478 1833 verba,
2553 1778 2713 1838 quae

609 1868 763 1930 olim
815 1888 852 1925 a
891 1886 988 1924 mc
1044 1862 1121 1921 ad
1170 1858 1702 1937 intemperantiam
1760 1855 2090 1915 libidinum
2124 1857 2714 1938 immoderatamque

609 1950 868 2030 vivendi
922 1963 1236 2024 licentiam
1292 1958 1488 2019 relata
1555 1962 1739 2031 sunt,
1837 1956 1946 2016 sed
1991 1960 2223 2017 rectius
2291 1981 2326 2017 a
2386 1958 2705 2039 Grangaeo

610 2066 691 2129 ad
746 2062 1191 2147 philosophum
1275 2059 1553 2117 Stoicum
1602 2067 1666 2117 et
1712 2056 1961 2138 quidem
2009 2067 2134 2118 tam
2201 2058 2274 2119 ad
2321 2061 2710 2140 paradoxum

611 2168 1015 2239 S‘toicorum,
1081 2163 1191 2243 qui
1262 2160 1601 2240 sapientem
1669 2152 1901 2247 α’παθῆ
1970 2168 2035 2218 et
2082 2161 2185 2219 vel
2255 2163 2319 2220 in
2383 2165 2712 2222 tormentis

609 2252 861 2330 beatum
922 2263 1014 2339 (v.
1074 2261 1203 2321 Cic.
1264 2261 1449 2320 Tusc.
1501 2260 1626 2337 Qu
1685 2259 1765 2337 ll,
1825 2264 1917 2339 7.)
1983 2248 2454 2342 praedicabant,
2524 2282 2706 2342 quam

614 2370 693 2460 ad
749 2368 970 2446 dogma
1034 2366 1346 2445 ipsorum,
1418 2354 1524 2425 ὅτι
1580 2355 1771 2442 μόνος
1841 2350 1878 2425 ὅ
1948 2386 2147 2440 σοφος
2213 2356 2540 2442 ἐλεύθερος
2599 2365 2711 2428 και

610 2468 739 2542 πᾶς
774 2489 1006 2548 αφρων
1048 2463 1279 2537 δοῦλος.
1421 2462 1607 2534 Acer,
1637 2484 1779 2533 nam
1816 2464 2172 2523 Stoicorum
2206 2464 2530 2544 disciplina
2567 2486 2710 2524 om·-

609 2572 788 2632 nium
834 2577 966 2627 erat
1009 2564 1410 2645 rigidissima3
1489 2564 1867 2635 indomitus,
1938 2557 2233 2643 α’παθης,
2310 2568 2600 2627 immunis
2645 2577 2710 2627 et

548 2662 555 2671 ’
608 2674 687 2732 ab
735 2668 1052 2730 affectibus
1102 2667 1292 2726 animi
1332 2675 1397 2725 et
1429 2687 1465 2725 a
1510 2667 1788 2746 corporis
1838 2665 2195 2742 doloribus3
2248 2673 2553 2749 magistet·
2621 2672 2714 2728 Ii-

523 2814 527 2821 .
611 2774 907 2844 hep-tatis,
960 2770 1357 2847 ἐλευθερίας,
1434 2788 1618 2848 quam
1671 2768 1867 2828 Stoici
1905 2767 2194 2827 dicebant
2247 2790 2378 2829 esse
2424 2768 2721 2846 ἐξουσίαν

608 2867 1068 2953 αὕτοπραγίας,
1115 2880 1204 2940 (v.
1233 2871 1416 2949 Diog.
1448 2869 1659 2927 Laert.
1692 2869 1838 2944 VII,
1883 2868 2053 2946 121.)
2096 2880 2159 2928 et
2193 2869 2413 2932 Cicero
2466 2869 2716 2952 (Parad.

610 2977 695 3048 V,
734 2994 784 3048 1,
820 2975 905 3043 4.)
940 2973 1287 3033 libertatem
1322 2970 1615 3043 vivendi,
1675 2982 1746 3026 ut
1785 2971 1956 3028 velis.
2044 2968 2223 3030 Conf.
2262 2974 2577 3051 praeclara
2609 2975 2716 3036 lo·-

612 3062 686 3133 ca
716 3070 934 3131 Horat.
980 3072 1099 3129 Sat.
1139 3071 1219 3145 ΙΙ,
1258 3089 1312 3147 7,
1354 3072 1652 3157 81--94-
1699 3078 1765 3128 et
1813 3071 2012 3152 Epist.
2064 3074 2112 3147 1,
2177 3071 2270 3149 16,
2318 3073 2414 3132 63.
2455 3094 2580 3155 seq.
2635 3076 2719 3136 ad

613 3176 771 3258 q'uae
800 3173 935 3233 loca
968 3193 1026 3231 v.
1059 3168 1376 3236 Wieland.
1521 3174 1619 3247 78.
1645 3173 1957 3251 perlue-es,
2002 3171 2062 3232 h.
2104 3194 2157 3238 e.
2188 3183 2362 3233 veste
2389 3175 2721 3255 perlucida

611 3274 869 3335 indutus
903 3260 983 3332 es.
1016 3290 1077 3332 v.
1113 3294 1243 3355 sup.
1279 3272 1356 3331 ad
1399 3293 1456 3331 v.
1504 3272 1603 3332 66.
1690 3273 1794 3332 Sic
1833 3276 2207 3353 perlucidus
2256 3274 2434 3333 homo
2478 3275 2722 3337 dicitur

615 3370 759 3434 Son.
792 3372 868 3433 de
898 3385 1199 3439 constant.
1238 3378 1331 3434 18
1375 3384 1441 3434 et
1476 3375 1851 3453 perlucidus
1895 3390 2056 3434 ostro
2101 3376 2371 3440 Martial.
2420 3377 2568 3451 XII,
2606 3380 2721 3455 38,

562 3478 674 3536 3.
716 3508 799 3525 --
844 3474 1010 3535 hanc
1038 3475 1274 3545 labem,
1328 3476 1518 3535 animi
1547 3476 1813 3534 maculas
1866 3486 1932 3535 et
1961 3478 2243 3555 morbos,
2300 3479 2486 3553 vitia,
2545 3478 2721 3559 inpr-

613 3574 977 3652 mollitiem,
1031 3577 1203 3635 dedit
1227 3566 1344 3636 tibi
1377 3587 1441 3637 et
1471 3578 1633 3652 aliis,
1693 3578 1796 3637 vel
1833 3580 2039 3658 potius
2084 3578 2391 3659 vulgavit,
2443 3578 2723 3658 diffudit,

614 3671 717 3760 (ut
755 3696 904 3735 mox
945 3676 1154 3749 dabit)
1208 3681 1538 3758 contagio,
1614 3679 2091 3757 commercium,
2162 3681 2543 3741 consuetudo
2587 3681 2719 3743 ho-

615 3779 855 3837 minum
889 3778 1191 3837 malorum
1246 3799 1316 3837 ac
1361 3778 1661 3838 mollium.
1767 3779 2146 3861 Comparant
2182 3784 2322 3842 Scn.
2370 3781 2447 3840 de
2483 3783 2719 3866 Tranq.

615 3866 801 3937 animi
837 3899 887 3937 c.
932 3897 985 3954 7.
1021 3887 1086 3939 et
1119 3878 1196 3937 de
1229 3876 1325 3940 ira
1359 3880 1476 3949 ΠΙ,
1519 3880 1577 3939 6.
1661 3880 1847 3967 Oyid.
1908 3882 2085 3942 Rem.
2141 3883 2280 3943 Am.
2332 3883 2455 3944 613
2485 3905 2607 3963 seq.
2648 3886 2723 3945 et'

578 3974 688 4040 -aL
735 3978 834 4039 Cf.
875 3978 1045 4039 adv.
1110 3980 1246 4041 166.
1321 4050 1327 4056 ‚

783 4148 881 4210 79.
925 4133 1025 4193 80.
1115 4132 1215 4191 Cf.
1266 4131 1505 4192 Colum.
1557 4134 1709 4205 VII,
1759 4137 1816 4197 5.
1901 4135 2074 4215 Virg.
2126 4133 2240 4196 Ge.
2269 4135 2384 4209 111,
2423 4136 2535 4194 441
2578 4154 2718 4217 seq.

606 4229 729 4293 468
764 4250 891 4329 seq.
925 4242 989 4292 et
1021 4234 1127 4313 qui
1161 4234 1250 4294 ibi
1284 4233 1611 4297 laudantur
1645 4237 1719 4297 ab
1753 4238 1945 4318 intpp.
2139 4237 2426 4298 Scabiem
2461 4234 2715 4295 dccc-ri·-
