2942 5067
573 234 605 257 Ι

560 433 652 503 60
1188 429 2072 517 COMMENTAmvs

566 612 895 675 accusabit·
915 613 1092 689 eum,
1151 612 1261 692 qui
1290 610 1720 670 tantummodo
1745 609 1900 670 haec
1930 604 2206 690 paucula*
2241 609 2515 673 dixerit:
2555 586 2688 674 ‘bic

570 714 687 775 εἐι·
714 739 797 776 sc.
838 718 943 776 ille
991 713 1323 771 sceleratus
1376 709 1580 770 homo.
1689 713 2014 771 Sententia
2065 713 2271 793 itaque
2325 723 2458 773 est:
2530 713 2688 776 Non

566 818 768 877 solum
788 848 821 893 ,·
867 817 919 875 si
976 816 1230 873 satiram
1276 813 1632 891 scripseris,
1695 814 1995 873 maximas
2027 832 2256 893 poenas
2283 813 2457 874 dabis
2479 852 2502 883 ,
2569 814 2688 875 sed

564 918 629 977 si
666 918 799 993 vel,
855 919 966 976 ubi
995 916 1102 974 ille
1134 913 1255 972 tibi
1286 915 1593 989 occurrit,
1647 914 1829 973 alteri
1863 913 2064 973 dicas:
2123 914 2229 973 lu'c
2275 929 2364 974 est
2399 916 2507 976 ille
2543 936 2690 975 sce-

567 1006 821 1078 leratus.
910 1017 1121 1076 Verba
1157 1024 1360 1077 autem
1397 1014 1505 1074 hic
1532 1028 1622 1074 est
1676 1035 1819 1074 cum
1841 1002 2228 1095 'contemptu
2253 1018 2690 1096 pronuncian-

571 1119 650 1178 da
684 1128 861 1194 sunt,
922 1118 1104 1197 plane
1147 1125 1221 1175 ut
1267 1136 1409 1175 nos:
1471 1117 1590 1173 das
1640 1120 1722 1175 ist
1767 1115 1917 1186 der,
1993 1118 2104 1176 ubi
2132 1138 2217 1177 ex
2261 1116 2691 1178 modulatione

569 1221 742 1281 vocis
782 1219 1187 1297 intelligitur,
1241 1215 1571 1276 laudemne
1632 1226 1695 1274 et
1738 1215 2207 1276 admirationem
2258 1218 2528 1292 indicet,
2603 1239 2690 1279 an

569 1320 1154 1400 vituperationem.“
1237 1318 1544 1378 Similiter
1583 1317 1706 1381 iam
1733 1318 2029 1376 Beckius:
2095 1319 2514 1393 „Acclamatio
2573 1319 2691 1378 hio

573 1435 665 1482 est
694 1421 855 1481 malo
890 1420 1153 1500 quodam
1186 1428 1627 1499 praetereunte
1656 1418 1709 1478 si
1741 1418 2052 1493 audiatur,
2089 1440 2234 1478 reus
2259 1442 2410 1480 mox
2441 1421 2690 1481 calum-

573 1525 715 1583 niae
752 1525 875 1582 eris
905 1532 968 1585 et
1014 1521 1280 1579 iniuriae
1327 1519 1565 1578 illatae:
1628 1541 1810 1601 quam
1867 1520 2272 1580 calamitatem
2317 1534 2388 1581 ut
2433 1524 2691 1583 subter-

572 1625 807 1703 fugias,
878 1623 1099 1682 melius
1133 1631 1227 1679 est
1257 1629 1497 1696 tacere,
1565 1641 1746 1699 quam
1798 1619 2061 1711 dicendo
2116 1625 2486 1703 supplicium
2544 1644 2689 1683 me-

576 1727 766 1786 rer1“
974 1724 1362 1801 Grangaeus:
1431 1724 1618 1790 „Hze
1658 1734 1750 1780 est
1781 1721 1858 1781 fit
1912 1742 2027 1800 per
2075 1722 2691 1800 demonstrationem,

577 1837 735 1906 quae
787 1835 893 1884 aut
938 1821 1107 1882 laudi
1154 1833 1263 1880 aut
1303 1822 1459 1881 vitio
1505 1823 1777 1880 vertitur
1822 1843 1937 1902 pro
1981 1826 2218 1884 ratione
2268 1826 2481 1904 digiti,
2555 1846 2684 1905 quo

572 1927 742 1989 sacta
772 1926 898 1985 suit
928 1924 1406 1983 demonstratio:
1465 1921 1661 1979 indici
1697 1924 1862 1981 enim
1890 1924 2023 1984 laus
2042 1970 2060 1999 ‚
2133 1926 2336 1985 medio
2365 1927 2686 2006 vituperi-

571 2049 717 2103 um3
774 2026 943 2085 uude
972 2026 1377 2103 proverbium
1415 2026 1689 2081 medium
1732 2027 2044 2085 ostendere
2076 2028 2391 2108 digitum,
2447 2027 2523 2086 de
2554 2046 2678 2107 quo
2769 2082 2782 2091 ,

571 2150 634 2188 v.
670 2128 783 2189 ins.
822 2128 899 2185 ad
930 2128 1016 2200 X,
1056 2128 1193 2185 53.···
1288 2126 1364 2185 In
1404 2123 1648 2182 laudem
1700 2126 1926 2204 passim
1965 2127 2074 2186 hic·
2110 2142 2200 2187 est
2234 2139 2296 2187 et
2333 2128 2447 2187 Gr.
2493 2123 2683 2202 οὗτος

572 2231 805 2300 ἐκεῖνος
841 2228 1065 2286 dicitur
1109 2226 1188 2285 de
1240 2224 1494 2283 homine
1545 2226 1816 2300 celebri,
1870 2228 1975 2306 qni
1997 2229 2212 2307 digitis
2263 2243 2674 2309 praetereun-

570 2332 734 2390 tium
778 2337 1173 2387 monstratur.
1217 2326 1317 2386 Cs.
1362 2328 1561 2406 intpp.
1610 2328 1766 2387 Hor.
1819 2327 1939 2388 Od.
1997 2331 2109 2405 IV,
2154 2333 2214 2405 3,
2265 2312 2365 2390 aa.
2421 2334 2578 2390 Pers.
2616 2329 2669 2405 Ι,

570 2436 675 2515 28.
727 2428 1017 2489 Martial.'
1046 2430 1126 2501 V,
1182 2429 1271 2487 13.
1318 2428 1435 2502 IX,
1487 2430 1587 2508 98,
1651 2430 1710 2488 4.
1769 2428 2030 2490 Lucian.
2068 2431 2137 2490 in
2181 2432 2480 2492 Harmon.
2522 2452 2573 2491 c.
2617 2452 2674 2494 1.

572 2542 639 2592 et
672 2534 741 2591 in
769 2531 1025 2591 Somnio
1067 2550 1116 2588 e.
1160 2549 1251 2589 11.

748 2682 864 2742 162
894 2711 978 2727 --
1014 2678 1149 2738 164.
1194 2678 1422 2739 Tutius
1452 2701 1524 2740 ac
1565 2684 1700 2740 sine
1739 2682 2021 2763 periculo
2069 2684 2372 2761 tragicum
2400 2686 2503 2744 vel
2538 2684 2678 2766 epi-

566 2804 713 2845 cum
743 2782 976 2842 scribes
1012 2802 1263 2840 carmen
1298 2792 1815 2862 mortuorumque
1855 2783 2046 2843 vitam
2079 2794 2148 2842 ac
2180 2786 2343 2846 facta
2378 2802 2704 2865 expones-.-

572 2886 870 2966 Suspicor
915 2890 1136 2963 poetae
1184 2879 1246 2939 h.
1277 2882 1319 2939 l.
1368 2892 1512 2942 ante
1559 2884 1770 2943 oculos
1819 2885 2011 2944 fuisse
2062 2886 2280 2944 Horat.
2336 2887 2460 2946 Sat.
2494 2888 2579 2957 11,
2621 2906 2678 2964 Ι,
2767 2944 2780 2955 ,

580 3006 660 3048 10
697 3006 820 3065 seq.
860 2984 973 3042 ubi
1009 2981 1337 3040 Trebatius
1362 2983 1530 3042 idem
1562 2986 1886 3045 consilium
1930 2985 2037 3045 dat
2066 2986 2352 3047 Horatio,
2528 2992 2681 3053 lieet

571 3118 660 3134 -
712 3087 1096 3151 committas,
1202 3104 1448 3142 carmen
1509 3086 1781 3146 scribere
1859 3086 2042 3162 licet,
2130 3089 2307 3168 quale
2373 3091 2680 3171 Virgilius

570 3185 858 3267 scripsit,
915 3183 993 3241 de
1020 3183 1276 3263 proeliis
1320 3188 1882 3268 certaminibusque
1923 3188 2171 3247 Aeneae
2207 3199 2271 3248 et
2302 3192 2531 3251 Rutuli
2547 3196 2675 3274 se-

512 3328 517 3333 -
576 3291 742 3350 roe-is
760 3329 781 3356 ‚
847 3284 1032 3344 fortis
1052 3330 1069 3359 ,
1124 3282 1185 3343 h.
1225 3307 1277 3344 e.
1317 3287 1540 3346 Turni.
1725 3290 2141 3364 Committere,
2198 3302 2269 3349 ut
2304 3313 2676 3371 comparare

572 3400 639 3451 et
665 3408 1023 3466 componere
1056 3405 1168 3465 par
1199 3378 1368 3465 pari,
1422 3388 1637 3447 vocab.
1667 3409 1877 3469 propr.
1919 3388 1996 3448 de
2027 3391 2482 3470 gladiatoribus,
2524 3395 2673 3456 ath-

570 3492 748 3565 letis,
808 3486 1245 3563 histrionibus,
1302 3490 1699 3569 pantomimis
1730 3499 1796 3549 et
1836 3493 2273 3552 certaminibus
2317 3496 2420 3554 vel
2450 3506 2673 3556 orato-

566 3592 680 3651 riis
714 3589 816 3649 vel
846 3588 1123 3669 poeticis.
1154 3580 1221 3620 ⁶⁸
1389 3591 1557 3649 nulli
1592 3595 1819 3671 grauis
1858 3606 1983 3660 est,
2051 3594 2356 3655 timendus
2388 3606 2452 3655 et
2497 3598 2678 3677 peri-

544 3691 851 3764 ‚culosu35
944 3690 1087 3768 quia
1129 3691 1443 3759 neminem
1504 3691 1794 3781 offendit,
1874 3694 2189 3765 Achilles,
2253 3692 2527 3777 *historia
2590 3702 2678 3763 de

570 3789 816 3853 Achille
834 3835 856 3867 ,
913 3791 1021 3865 (ut
1047 3811 1198 3850 mox
1228 3793 1467 3872 IIylas)
1495 3814 1831 3873 percussus
1843 3836 1866 3866 ,
1923 3816 1960 3854 a
1992 3795 2218 3856 Paride
2259 3790 2376 3882 'per
2413 3803 2677 3866 insidias
2779 3831 2790 3842 ·

643 4088 1579 4159 62.cf.inf.adv1,378.etti3‘3.
1661 4095 1838 4165 89·ss
1876 4097 2050 4162 Calig.
2084 4097 2167 4148 53.
2195 4094 2370 4166 Intpp.
2385 4088 2537 4148 Ptin.
2564 4096 2674 4166 Ep.

574 4173 644 4226 ad
682 4175 784 4227 Sil.
826 4176 982 4242 1,33.
1029 4175 1096 4238 X,
1135 4193 1221 4245 70.
1271 4175 1417 4241 XVI,
1460 4176 1586 4230 616.
1665 4181 1783 4246 ΥΠ,
1821 4181 1904 4235 94.
1945 4194 1997 4234 et
2031 4182 2231 4234 Lucan.
2269 4186 2428 4256 l‚97.

574 4260 887 4315 Casa¹1b0et
924 4260 1059 4312 Ern.
1088 4261 1156 4312 ad
1207 4260 1356 4314 Suet.
1396 4263 1606 4319 Octav.
