2942 5067
572 435 701 533 ‘2:56
1164 447 2058 518 COMMENTARIVS

577 621 876 704 silvisque
907 629 1004 683 tot
1030 623 1302 704 virgines
1335 626 1686 706 corrupisse
1720 626 2046 703 dicuntur,
2103 627 2258 689 adeo
2305 626 2681 707 senuerunt}

575 724 816 783 adeone
863 708 1101 784 viribus
1149 746 1300 805 prae
1331 737 1651 787 senectute
1686 727 1978 790 exhausti
2021 738 2203 807 sunt,
2262 741 2335 790 ut
2365 750 2496 791 non
2526 748 2675 793 am-

571 824 737 904 plius
791 825 986 884 amori
1029 826 1354 906 indulgere
1402 829 1697 908 possint?
1748 829 1809 890 h.
1861 854 1916 892 e.
1969 836 2268 913 putasne,
2326 834 2467 892 ruri
2498 834 2674 894 et'in

541 922 728 1011 ,locis
782 929 1121 1005 agrestibus
1165 950 1292 989 non
1331 928 1623 1010 amplius,
1688 942 1755 990 ut
1790 934 1938 994 olim
1968 946 2031 994 et
2056 936 2180 995 iam
2217 932 2671 1013 antiquissimis

574 1029 999 1108 temporibus,
1058 1026 1163 1109 (cs.
1216 1030 1450 1090 sibun.
1489 1032 1571 1105 ΙΙ,
1622 1052 1675 1107 1,
1715 1032 1792 1110 67
1825 1030 1978 1116 seq.)
2018 1042 2230 1115 stupra
2264 1042 2329 1092 et
2358 1032 2676 1095 adulteris.

577 1131 918 1206 committi,
970 1151 1309 1213 omnesque
1353 1133 1444 1191 ibi
1492 1133 1781 1194 moechos
1825 1157 2002 1197 senes
2034 1158 2207 1204 esse,
2252 1154 2519 1215 quorum
2544 1154 2671 1215 pe-

578 1241 756 1292 ctora
786 1253 913 1293 non
947 1232 1206 1311 amplius
1237 1234 1461 1293 amoris
1486 1234 1729 1312 ignibus
1760 1237 2130 1296 incalescant
2148 1236 2179 1294 ⁰?
2237 1236 2462 1311 Facete
2492 1235 2671 1299 enim

573 1344 795 1416 poeta,
831 1354 986 1415 quae
1025 1332 1102 1392 ad
1137 1332 1426 1393 moechos
1464 1345 1778 1416 spectant,
1822 1338 1960 1398 Iovi
1995 1338 2308 1417 Martique
2335 1337 2560 1397 tribuit
2598 1345 2673 1398 et

559 1434 931 1511 hominum,
967 1420 1421 1510 nonde-orum,
1464 1457 1705 1496 amores
1738 1448 2061 1517 poetarum
2103 1438 2327 1497 sabulis
2357 1438 2667 1500 declarari

570 1539 798 1598 innuit.
901 1536 1203 1597 Similiter
1264 1537 1498 1599 Seneca
1544 1559 1637 1619 ap.
1679 1538 1961 1599 Lactant.
2028 1539 2079 1615 1,
2137 1540 2230 1602 16.
2290 1540 2467 1618 Quid
2510 1560 2664 1621 ergo

575 1654 699 1709 est,
746 1660 940 1720 quare
973 1638 1153 1721 apud
1178 1627 1404 1718 spectas
1431 1642 1863 1701 salacissimus
1906 1643 2151 1720 Iupiter
2190 1642 2445 1702 desierit
2493 1642 2663 1702 libe-

573 1760 678 1802 ros
723 1741 985 1801 tollere?
1032 1724 1044 1741 ’
1073 1753 1281 1813 utrum
1325 1746 1779 1822 sexagenarius
1822 1745 2050 1824 sactus
2092 1755 2222 1814 est,
2284 1757 2345 1803 et
2399 1745 2505 1804 illi
2556 1745 2664 1804 lu·

573 1842 801 1921 Papia
814 1842 1093 1917 fibulam
1126 1843 1220 1916 (v.
1249 1841 1328 1901 ad
1360 1862 1421 1903 v.
1467 1845 1599 1922 73.)
1642 1847 1996 1922 imposuit?

745 1945 830 2005 60
869 1964 994 2025 seq.
1081 1941 1277 2003 Poeta
1311 1943 1433 2003 iam
1468 1944 1767 2005 describit
1798 1946 2087 2006 libidines
2128 1946 2458 2006 mulierum
2476 1942 2668 2007 Rom.

573 2066 644 2106 ac
690 2046 962 2124 primum
1002 2045 1173 2120 loca,
1234 2064 1391 2125 quae
1439 2044 1844 2128 frequentent
1884 2057 1949 2107 et
1980 2048 2090 2107 ubi
2121 2058 2288 2107 casta
2314 2047 2672 2127 reperiatur

574 2149 765 2208 nulla.
849 2146 950 2206 De
985 2144 1118 2219 his,
1163 2146 1292 2205 scil.
1328 2148 1709 2225 porticibus,
1755 2147 2055 2220 theatris,
2100 2150 2320 2223 circis,
2355 2147 2536 2217 foris,
2572 2148 2667 2209 of.

575 2249 758 2310 simil.
804 2249 922 2307 loo.
969 2245 1156 2307 Ovid.
1184 2246 1325 2307 Art.
1357 2247 1498 2313 Am.
1530 2249 1581 2324 I,
1627 2253 1707 2328 49
1743 2271 1869 2330 seq·
1917 2250 1995 2324 67
2045 2284 2121 2296 -
2169 2250 2309 2314 264.
2434 2251 2675 2309 Porti-

571 2371 683 2408 cus
728 2349 1171 2411 ambulationes
1218 2348 1523 2408 columnis
1552 2370 1884 2430 suspensae
1919 2350 2287 2432 exedi-isque
2315 2352 2669 2412 instructae

572 2453 742 2510 circa
779 2461 843 2511 et
892 2461 1034 2515 ante
1080 2451 1312 2531 templa
1358 2449 1775 2533 aedificiaque
1809 2462 1936 2512 tam
1984 2454 2231 2532 publica
2282 2470 2463 2533 quam
2518 2454 2662 2533 pri-

465 2624 476 2637 ·
571 2562 752 2626 vata,
808 2555 908 2614 vel
948 2556 1012 2613 in
1062 2556 1220 2614 atrio
1251 2563 1314 2614 et
1346 2554 1686 2634 impluvio,
1727 2570 1881 2635 quae
1918 2554 2064 2613 solis
2097 2554 2383 2613 ardorem
2440 2554 2671 2634 pluvi-

568 2674 791 2736 amque
832 2656 1139 2715 arcebant.
1307 2656 1410 2717 61.
1449 2636 1847 2735 spectacula,
1902 2653 2147 2714 theatra
2195 2664 2258 2714 et
2305 2653 2668 2733 amphithe-

568 2764 720 2816 atra.
891 2758 1091 2821 Gnaei
1151 2756 1404 2818 ordines
1452 2778 1525 2817 ac
1594 2756 1813 2817 sedilia
1858 2754 2125 2832 theatri,
2187 2755 2266 2815 de
2321 2756 2544 2837 quibus
2596 2776 2665 2817 v.

553 2857 738 2939 'Lips.
805 2858 883 2919 de
947 2857 1265 2939 Amphith.
1317 2879 1366 2917 c.
1427 2859 1521 2919 13.
1705 2878 2022 2936 excerpere
2042 2900 2066 2928 ,
2114 2857 2360 2933 eligere,
2409 2874 2665 2937 capere.

565 2960 646 3021 63
673 2998 740 3007 —-
765 2962 866 3021 66.
927 2961 1219 3020 Feminae
1276 2960 1461 3019 etiam
1523 2960 1920 3035 castissimae,
1962 2958 2241 3018 Vestales
2274 2967 2337 3017 et
2365 2958 2664 3034 rusticae,

559 3062 1049 3141 impudicitiam,
1100 3060 1390 3125 libidines
1443 3060 1881 3140 lasciviamque
1925 3060 2173 3119 discunt
2210 3060 2292 3121 ‚in
2319 3058 2485 3118 ludis
2516 3078 2666 3125 sce·

559 3164 715 3222 nicis
733 3207 751 3237 ,
803 3164 869 3223 in
907 3163 1126 3243 primis
1177 3164 1253 3223 ab
1303 3162 1729 3222 Atellanarum
1782 3160 2186 3222 histrionibus
2228 3169 2293 3220 et
2339 3164 2665 3241 pantomi-

562 3263 706 3338 mis,
763 3284 960 3344 eoque
1010 3265 1194 3325 citius
1249 3275 1311 3325 et
1361 3263 1638 3339 facilius,
1701 3280 1824 3342 quo
1857 3264 2089 3323 maiore
2142 3260 2208 3320 hi
2245 3270 2377 3321 arte
2407 3281 2508 3322 res
2533 3263 2663 3323 ob-
2742 3289 2749 3295 ·

563 3383 813 3423 scoenas
845 3366 911 3425 in
939 3386 1122 3427 scena
1160 3365 1433 3428 saltando
1461 3364 2006 3444 gesticulandoque
2042 3364 2403 3444 exprimunt
2432 3372 2501 3424 et
2531 3385 2668 3446 quo
2784 3370 2795 3377 “

563 3463 807 3525 facilius
861 3465 1187 3527 discuntur
1245 3487 1351 3544 ea,
1408 3486 1563 3547 quae
1607 3466 1802 3526 oculis
1847 3466 2296 3525 subiiciuntur:
2352 3484 2492 3529 uam
2516 3510 2535 3541 ‚
2584 3476 2669 3531 ut

547 3570 746 3629 *verba
789 3567 1008 3629 Horat.
1057 3569 1131 3628 A.
1182 3567 1253 3628 P.
1312 3570 1430 3630 180
1459 3588 1587 3647 seq.
1622 3584 1759 3626 msa
1798 3566 2053 3642 faciam,
2094 3566 2364 3646 Segnius
2394 3571 2677 3632 irritant

560 3671 807 3729 animos
845 3668 1116 3730 demissa
1164 3691 1283 3748 per
1326 3691 1540 3731 aur-em
1553 3709 1576 3740 ,
1637 3670 1844 3747 Quam
1896 3690 2056 3750 quae
2090 3681 2238 3728 sunt
2267 3669 2470 3727 oculis
2497 3666 2665 3731 sub·

557 3772 722 3829 iacta
734 3771 1047 3846 fidelibus
1084 3784 1142 3831 et
1174 3794 1334 3853 quas
1395 3774 1539 3852 lpse
1573 3771 1700 3830 sibi
1728 3772 1931 3830 tradit
1960 3783 2287 3849 spectator.
2375 3767 2474 3830 Cf.
2514 3769 2665 3851 Cy-

552 3871 751 3951 priau.
787 3871 988 3952 Epist.
1017 3870 1100 3949 ΙΙ,
1151 3893 1208 3936 2.
1264 3873 1549 3934 Lactant.
1578 3872 1628 3947 I,
1675 3888 1774 3933 20.
1814 3870 2081 3931 Tertull.
2112 3870 2189 3930 de
2231 3879 2425 3951 spect.
2456 3890 2511 3931 c.
2551 3882 2672 3949 170'

475 4024 481 4031 .
551 3973 696 4033 Sen.
748 3992 844 4054 ep.
900 3990 956 4052 7.
1016 3984 1081 4035 et
1134 3975 1376 4036 Colum.
1419 3972 1623 4036 Praef.
1721 3973 2073 4032 Herminius
2119 3971 2232 4032 hos
2294 3992 2511 4033 versus
2556 3974 2662 4038 ita

543 4072 918 4136 illustravit:
989 4077 1253 4153 „Quum
1283 4072 1619 4153 Bathyllus
1663 4076 1932 4135 scienter
1972 4076 2172 4135 saltat
2231 4083 2294 4133 et
2344 4093 2660 4137 manuum

543 4176 861 4256 totiusque
916 4181 1192 4258 corporis
1239 4178 1485 4241 erudito
1533 4185 1710 4236 motu
1766 4177 2069 4254 exprimit
2114 4177 2325 4237 Ledae
2386 4175 2657 4236 delicias

541 4274 682 4340 Iovi
727 4277 1137 4358 blandientis,
1176 4286 1375 4365 usque
1416 4276 1569 4344 adeo
1604 4278 1905 4360 pruriunt
1932 4278 2181 4343 insanae
2216 4277 2657 4375 spectatrices,

2550 4386 2641 4441 ut

2832 3604 2845 3629 ,θ’
2816 3540 2823 3565 ,ᾼ

2846 3632 2875 3663 ll

2926 4996 2931 5027 .-
2922 4180 2931 4983 ψ
2928 4096 2931 4167 4*
2918 2896 2932 4089 ᾏᾴψῴ-ᾲᾼῌ-ῴ--ψῴ
